<?xml version="1.0" encoding="UTF-8"?><record xmlns="http://www.loc.gov/MARC21/slim" xmlns:cinclude="http://apache.org/cocoon/include/1.0" xmlns:zs="http://www.loc.gov/zing/srw/">
  <leader>00407nz  a2200133n  4500</leader>
  <controlfield tag="001">no2003072812</controlfield>
  <controlfield tag="003">DLC</controlfield>
  <controlfield tag="005">20030724052714.0</controlfield>
  <controlfield tag="008">030723n| acannaabn          |n aaa     c</controlfield>
  <datafield tag="010" ind1=" " ind2=" ">
    <subfield code="a">no2003072812</subfield>
  </datafield>
  <datafield tag="035" ind1=" " ind2=" ">
    <subfield code="a">(OCoLC)oca06107119</subfield>
  </datafield>
  <datafield tag="040" ind1=" " ind2=" ">
    <subfield code="a">NNC</subfield>
    <subfield code="b">eng</subfield>
    <subfield code="c">NNC</subfield>
  </datafield>
  <datafield tag="100" ind1="1" ind2=" ">
    <subfield code="a">Monnier, Marc,</subfield>
    <subfield code="d">1827-1885.</subfield>
    <subfield code="t">Roi Babolein</subfield>
  </datafield>
  <datafield tag="670" ind1=" " ind2=" ">
    <subfield code="a">Kurochkin, V. Print︠s︡-Lutoni︠a︡, 1933:</subfield>
    <subfield code="b">p. 5 (based on Monnier's Le roi Babolein)</subfield>
  </datafield>
</record>